<?xml version="1.0" encoding="UTF-8"?><collection xmlns="http://www.loc.gov/MARC21/slim"><record><leader>00344nam--2200145-i-4500</leader><controlfield tag="001">000015628</controlfield><controlfield tag="002">20161230</controlfield><controlfield tag="005">20170305200911</controlfield><controlfield tag="008">060222s1000------------r-----000-0-eng-d</controlfield><datafield ind1=" " ind2=" " tag="100"><subfield code="a">Cerchez, Mihu</subfield></datafield><datafield ind1=" " ind2=" " tag="245"><subfield code="a">Pitagora</subfield></datafield><datafield ind1=" " ind2=" " tag="260"><subfield code="a">Bucuresti</subfield><subfield code="b">Editura Academiei R.S.R</subfield><subfield code="c">1986</subfield></datafield><datafield ind1=" " ind2=" " tag="300"><subfield code="a">112 p</subfield></datafield><datafield ind1=" " ind2=" " tag="852"><subfield code="a">51(09)</subfield></datafield><datafield ind1=" " ind2=" " tag="CAT"><subfield code="a">SYS</subfield><subfield code="c">20170305</subfield><subfield code="h">200911</subfield></datafield></record></collection>